@article{vorlander2013computer,
  title={Computer simulations in room acoustics: Concepts and uncertainties},
  author={Vorl{\"a}nder, Michael},
  journal={The Journal of the Acoustical Society of America},
  volume={133},
  number={3},
  pages={1203--1213},
  year={2013},
  publisher={Acoustical Society of America}
}
