@article{bordoy2019exploiting,
  title={Exploiting Acoustic Echoes for Smartphone Localization and Microphone Self-Calibration},
  author={Bordoy, Joan and Schindelhauer, Christian and H{\"o}flinger, Fabian and Reindl, Leonhard M},
  journal={IEEE Transactions on Instrumentation and Measurement},
  volume={69},
  number={4},
  pages={1484--1492},
  year={2019},
  publisher={IEEE}
}

@article{wielandt2017indoor,
  title={Indoor multipath assisted angle of arrival localization},
  author={Wielandt, Stijn and Strycker, Lieven De},
  journal={Sensors},
  volume={17},
  number={11},
  pages={2522},
  year={2017},
  publisher={Multidisciplinary Digital Publishing Institute}
}

@inproceedings{zhou2009efficient,
  title={An efficient least-squares trilateration algorithm for mobile robot localization},
  author={Zhou, Yu},
  booktitle={2009 IEEE/RSJ International Conference on Intelligent Robots and Systems},
  pages={3474--3479},
  year={2009},
  organization={IEEE}
}
