@article{ribeiro2011geometrically,
  title={Geometrically constrained room modeling with compact microphone arrays},
  author={Ribeiro, Flavio and Florencio, Dinei and Ba, Demba and Zhang, Cha},
  journal={IEEE Transactions on Audio, Speech, and Language Processing},
  volume={20},
  number={5},
  pages={1449--1460},
  year={2011},
  publisher={IEEE}
}
