@inproceedings{rober2007ray,
  title={Ray acoustics using computer graphics technology},
  author={R{\"o}ber, Niklas and Kaminski, Ulrich and Masuch, Maic},
  booktitle={10th International Conference on Digital Audio Effects (DAFx-07), S},
  pages={117--124},
  year={2007},
  organization={Citeseer}
}

@article{rindel1995computer,
  title={Computer simulation techniques for acoustical design of rooms},
  author={Rindel, Jens Holger},
  journal={Acoustics Australia},
  volume={23},
  pages={81--86},
  year={1995}
}

@article{naylor1992treatment,
  title={Treatment of early and late reflections in a hybrid computer model for room acoustics},
  author={Naylor, Graham},
  journal={Acoustical Society of America. Journal},
  volume={92},
  number={4},
  pages={2345--2345},
  year={1992},
  publisher={AIP Publishing LLC}
}
