@misc{blender,
    title  = {Blender Home Page},
    howpublished    = {https://www.blender.org},
    note   = {Accessed: October 31, 2020}
}

@misc{cgal,
    title  = {CGAL Home Page},
    howpublished    = {https://www.cgal.org},
    note   = {Accessed: October 31, 2020}
}

@misc{eigen,
    title  = {Eigen Home Page},
    howpublished    = {http://eigen.tuxfamily.org},
    note   = {Accessed: October 31, 2020}
}

@misc{drussell,
    title   = {Acoustics and Vibration Animations},
    author  = {Dr. Daniel A. Russell},
    howpublished     = {https://www.acs.psu.edu/drussell/demos.html},
    note   = {Accessed: October 31, 2020}
}

@misc{mreddy,
    title   = {OBJ file specification},
    author  = {Dr. Martin Reddy},
    howpublished = {http://www.martinreddy.net/gfx/3d/OBJ.spec},
    note   = {Accessed: October 31, 2020},
}

@misc{odeon,
    title   = {Odeon Front Page},
    author  = {Odeon},
    howpublished = {https://odeon.dk},
    note   = {Accessed: October 31, 2020},
}

@misc{wayverb,
    title   = {Wayverb},
    author  = {Reuben Thomas},
    howpublished = {https://odeon.dk},
    note   = {Accessed: October 31, 2020},
}

@misc{cuda,
    title   = {CUDA Toolkit},
    author  = {NVIDIA},
    howpublished = {https://developer.nvidia.com/cuda-toolkit},
    note   = {Accessed: October 31, 2020},
}

@misc{vulkan,
    title   = {Vulkan Overview},
    author  = {Khronos Group},
    howpublished = {https://www.khronos.org/vulkan},
    note   = {Accessed: October 31, 2020},
}

@misc{nvidia,
    title   = {Get Started With Real-Time Ray Tracing},
    author  = {NVIDIA},
    howpublished = {https://developer.nvidia.com/rtx/raytracing},
    note   = {Accessed: October 31, 2020},
}

@misc{docker,
    title   = {Empowering App Development for Developers},
    author  = {Docker},
    howpublished = {https://www.docker.com/},
    note   = {Accessed: October 31, 2020},
}
